<?xml version="1.0" encoding="utf-8"?>
<record xmlns="http://www.loc.gov/MARC21/slim" xmlns:xsi="http://www.w3.org/2001/XMLSchema-instance" xsi:schemaLocation="http://www.loc.gov/MARC21/slim http://www.loc.gov/standards/marcxml/schema/MARC21slim.xsd">
	<leader>     nam a22     Mi 4500</leader>
	<controlfield tag="001">b12392376</controlfield>
	<controlfield tag="003">LeBAU</controlfield>
	<controlfield tag="006">m        d        </controlfield>
	<controlfield tag="007">cr cn |||m|||a</controlfield>
	<controlfield tag="008">191218s1935    ua a    o     ||0 0 ara d</controlfield>
	<datafield ind1=" " ind2=" " tag="040">
		<subfield code="a">ZYU</subfield>
		<subfield code="b">ara</subfield>
		<subfield code="e">rda</subfield>
		<subfield code="c">ZYU</subfield>
	</datafield>
	<datafield ind1="0" ind2="4" tag="082">
		<subfield code="a">297.52</subfield>
		<subfield code="2">20</subfield>
	</datafield>
	<datafield ind1="1" ind2=" " tag="100">
		<subfield code="6">880-01</subfield>
		<subfield code="a">Rifāʻī, Ḥusayn Muḥammad,</subfield>
		<subfield code="e">author.</subfield>
	</datafield>
	<datafield ind1="1" ind2="0" tag="245">
		<subfield code="6">880-02</subfield>
		<subfield code="a">Dīwān Khulāṣat al-adab fī kifāyat al-khuṭabāʼ min al-khuṭab :</subfield>
		<subfield code="b">jamharat adab wa-inshā’ wa-ʻiẓāt lil-ʻArab al-jāhilīyah wa-al-mukhaḍramīn wa-ṣadr al-Islām wa-al-ʻaṣr al-Umawī wa-al-ʻAbbāsī wa-al-ānn wa-khuṭab minbarīyah ʻaṣrīyah /</subfield>
		<subfield code="c">lil-ʻālim dhī al-darajatayn wa-al-kātib al-qadīr ṣāḥib al-faḍīlah al-ustādh al-Sayyid Ḥusayn Muḥammad al-Rifāʻī, bi-Dār al-Kutub al-Miṣrīyah bi Miṣr.</subfield>
	</datafield>
	<datafield ind1="3" ind2="0" tag="246">
		<subfield code="6">880-03</subfield>
		<subfield code="a">khulāṣat al-adab fī kifāyat al-khuṭabāʼ min al-khuṭab</subfield>
	</datafield>
	<datafield ind1=" " ind2="1" tag="264">
		<subfield code="6">880-04</subfield>
		<subfield code="a">Miṣr :</subfield>
		<subfield code="b">al-Maṭbaʻh al-Raḥmānīyah,</subfield>
		<subfield code="c">1354 H. = 1935 M.</subfield>
	</datafield>
	<datafield ind1=" " ind2=" " tag="300">
		<subfield code="6">880-05</subfield>
		<subfield code="a">online resource (320 pages) :</subfield>
		<subfield code="b">illustrations, portraits, facsimiles</subfield>
	</datafield>
	<datafield ind1=" " ind2=" " tag="336">
		<subfield code="a">text</subfield>
		<subfield code="2">rdacontent</subfield>
	</datafield>
	<datafield ind1=" " ind2=" " tag="337">
		<subfield code="a">computer</subfield>
		<subfield code="2">rdamedia</subfield>
	</datafield>
	<datafield ind1=" " ind2=" " tag="338">
		<subfield code="a">online resource</subfield>
		<subfield code="2">rdacarrier</subfield>
	</datafield>
	<datafield ind1=" " ind2=" " tag="500">
		<subfield code="a">Part of the Arabic Collections Online (ACO) project, contributed by American University of Beirut's Jafet Memorial Library.</subfield>
	</datafield>
	<datafield ind1="0" ind2=" " tag="520">
		<subfield code="a">&quot;يشتمل على خطب منبرية للجمعة والمواسم  بطريقة لم تسبق بحيث توافق حالة الأمم وعلى خطب وعظية عامة منبرية تناسب حالة المسلمين في كل عصر ومكان وعلى لؤلؤ الخطب المنبرية الموروثة التي خطبها النبي عليه الصلاة والسلام على منبري مكة والمدينة للجمعة وكذلك خطب الخلفاء الراشدين أبي بكر وعمر وعثمان وعلي والحسن والحسين ومعاوية وعبد الملك وعمر بن عبد العزيز والحسن البصري والمنصور والمهدي وهارون الرشيد والمأمون وعلى خطب إجتماعية عامة وخطب لفحول العرب زمن الجاهلية والاسلام.&quot;</subfield>
	</datafield>
	<datafield ind1=" " ind2=" " tag="533">
		<subfield code="a">Electronic reproduction.</subfield>
		<subfield code="b">New York, N.Y. :</subfield>
		<subfield code="c">New York University,</subfield>
		<subfield code="d">2019.</subfield>
		<subfield code="5">NNU</subfield>
	</datafield>
	<datafield ind1="0" ind2="4" tag="600">
		<subfield code="a">محمد،</subfield>
		<subfield code="c">النبي،</subfield>
		<subfield code="d">-632</subfield>
		<subfield code="x">الخطب.</subfield>
	</datafield>
	<datafield ind1="0" ind2="4" tag="600">
		<subfield code="a">أبو بكر الصديق،</subfield>
		<subfield code="c">الخليفة،</subfield>
		<subfield code="d">-634</subfield>
		<subfield code="x">الخطب.</subfield>
	</datafield>
	<datafield ind1="0" ind2="4" tag="600">
		<subfield code="a">عمر بن الخطاب</subfield>
		<subfield code="c">الخليفة،</subfield>
		<subfield code="d">-644</subfield>
		<subfield code="x">الخطب.</subfield>
	</datafield>
	<datafield ind1="0" ind2="4" tag="600">
		<subfield code="a">عثمان بن عفان</subfield>
		<subfield code="c">الخليفة،</subfield>
		<subfield code="d">-656</subfield>
		<subfield code="x">الخطب.</subfield>
	</datafield>
	<datafield ind1="0" ind2="4" tag="600">
		<subfield code="a">علي بن أبي طالب،</subfield>
		<subfield code="c">الخليفة،</subfield>
		<subfield code="d">حوالي 600-661</subfield>
		<subfield code="x">الخطب.</subfield>
	</datafield>
	<datafield ind1="0" ind2="4" tag="600">
		<subfield code="a">الحسن بن علي،</subfield>
		<subfield code="d">-حوالي 669</subfield>
		<subfield code="x">الخطب.</subfield>
	</datafield>
	<datafield ind1="0" ind2="4" tag="600">
		<subfield code="a">الحسين بن علي،</subfield>
		<subfield code="d">-680</subfield>
		<subfield code="x">الخطب.</subfield>
	</datafield>
	<datafield ind1="0" ind2="4" tag="600">
		<subfield code="a">معاوية بن أبي سفيان،</subfield>
		<subfield code="c">الخليفة،</subfield>
		<subfield code="d">-680</subfield>
		<subfield code="x">الخطب.</subfield>
	</datafield>
	<datafield ind1="0" ind2="4" tag="600">
		<subfield code="a">عبد الملك بن مروان،</subfield>
		<subfield code="c">الخليفة،</subfield>
		<subfield code="d">642-705</subfield>
		<subfield code="x">الخطب.</subfield>
	</datafield>
	<datafield ind1="0" ind2="4" tag="600">
		<subfield code="a">عمر</subfield>
		<subfield code="b">الثاني،</subfield>
		<subfield code="c">الخليفة،</subfield>
		<subfield code="d">-720</subfield>
		<subfield code="x">الخطب.</subfield>
	</datafield>
	<datafield ind1="0" ind2="4" tag="600">
		<subfield code="a">الحسن البصري،</subfield>
		<subfield code="d">642 او 642-728 او 729</subfield>
		<subfield code="x">الخطب.</subfield>
	</datafield>
	<datafield ind1="1" ind2="4" tag="600">
		<subfield code="a">المنصور، ابو جعفر،</subfield>
		<subfield code="c">الخليفة،</subfield>
		<subfield code="d">حوالي 712-775</subfield>
		<subfield code="x">الخطب.</subfield>
	</datafield>
	<datafield ind1="0" ind2="4" tag="600">
		<subfield code="a">المهدي،</subfield>
		<subfield code="c">الخليفة،</subfield>
		<subfield code="d">-785</subfield>
		<subfield code="x">الخطب.</subfield>
	</datafield>
	<datafield ind1="0" ind2="4" tag="600">
		<subfield code="a">هارون الرشيد</subfield>
		<subfield code="x">الخطب.</subfield>
	</datafield>
	<datafield ind1="0" ind2="4" tag="600">
		<subfield code="a">المأمون،</subfield>
		<subfield code="c">الخليفة،</subfield>
		<subfield code="d">786-833</subfield>
		<subfield code="x">الخطب.</subfield>
	</datafield>
	<datafield ind1="0" ind2="0" tag="600">
		<subfield code="a">Muḥammad,</subfield>
		<subfield code="c">Prophet,</subfield>
		<subfield code="d">-632</subfield>
		<subfield code="x">Oratory.</subfield>
	</datafield>
	<datafield ind1="0" ind2="0" tag="600">
		<subfield code="a">Abū Bakr,</subfield>
		<subfield code="c">Caliph,</subfield>
		<subfield code="d">-634</subfield>
		<subfield code="x">Oratory.</subfield>
	</datafield>
	<datafield ind1="0" ind2="0" tag="600">
		<subfield code="a">ʻUmar ibn al-Khaṭṭāb,</subfield>
		<subfield code="c">Caliph,</subfield>
		<subfield code="d">-644</subfield>
		<subfield code="x">Oratory.</subfield>
	</datafield>
	<datafield ind1="0" ind2="0" tag="600">
		<subfield code="a">ʻUthmān ibn ʻAffān,</subfield>
		<subfield code="c">Caliph,</subfield>
		<subfield code="d">-656</subfield>
		<subfield code="x">Oratory.</subfield>
	</datafield>
	<datafield ind1="0" ind2="0" tag="600">
		<subfield code="a">ʻAlī ibn Abī Ṭālib,</subfield>
		<subfield code="c">Caliph,</subfield>
		<subfield code="d">approximately 600-661</subfield>
		<subfield code="x">Oratory.</subfield>
	</datafield>
	<datafield ind1="0" ind2="0" tag="600">
		<subfield code="a">Ḥasan ibn ʻAlī,</subfield>
		<subfield code="d">-approximately 669</subfield>
		<subfield code="x">Oratory.</subfield>
	</datafield>
	<datafield ind1="0" ind2="0" tag="600">
		<subfield code="a">Ḥusayn ibn ʻAlī,</subfield>
		<subfield code="d">-680</subfield>
		<subfield code="x">Oratory.</subfield>
	</datafield>
	<datafield ind1="0" ind2="0" tag="600">
		<subfield code="a">Muʻāwiyah ibn Abī Sufyān,</subfield>
		<subfield code="c">Caliph,</subfield>
		<subfield code="d">-680</subfield>
		<subfield code="x">Oratory.</subfield>
	</datafield>
	<datafield ind1="0" ind2="0" tag="600">
		<subfield code="a">ʻAbd al-Malik ibn Marwān,</subfield>
		<subfield code="c">Caliph,</subfield>
		<subfield code="d">642-705</subfield>
		<subfield code="x">Oratory.</subfield>
	</datafield>
	<datafield ind1="0" ind2="0" tag="600">
		<subfield code="a">ʻUmar</subfield>
		<subfield code="b">II,</subfield>
		<subfield code="c">Caliph,</subfield>
		<subfield code="d">-720</subfield>
		<subfield code="x">Oratory.</subfield>
	</datafield>
	<datafield ind1="0" ind2="0" tag="600">
		<subfield code="a">Ḥasan al-Baṣrī,</subfield>
		<subfield code="d">641 or 642-728 or 729</subfield>
		<subfield code="x">Oratory.</subfield>
	</datafield>
	<datafield ind1="1" ind2="0" tag="600">
		<subfield code="a">Manṣūr, Abū Jaʻfar,</subfield>
		<subfield code="c">Caliph,</subfield>
		<subfield code="d">approximately 712-775</subfield>
		<subfield code="x">Oratory.</subfield>
	</datafield>
	<datafield ind1="0" ind2="0" tag="600">
		<subfield code="a">Mahdī,</subfield>
		<subfield code="c">Caliph,</subfield>
		<subfield code="d">-785</subfield>
		<subfield code="x">Oratory.</subfield>
	</datafield>
	<datafield ind1="0" ind2="0" tag="600">
		<subfield code="a">Hārūn al-Rashīd</subfield>
		<subfield code="x">Oratory.</subfield>
	</datafield>
	<datafield ind1="0" ind2="0" tag="600">
		<subfield code="a">Maʼmūn,</subfield>
		<subfield code="c">Caliph,</subfield>
		<subfield code="d">786-833</subfield>
		<subfield code="x">Oratory.</subfield>
	</datafield>
	<datafield ind1=" " ind2="4" tag="650">
		<subfield code="a">المواعظ الاسلامية العربية.</subfield>
	</datafield>
	<datafield ind1=" " ind2="0" tag="650">
		<subfield code="a">Islamic sermons, Arabic.</subfield>
	</datafield>
	<datafield ind1="2" ind2=" " tag="710">
		<subfield code="a">Jafet Memorial Library.</subfield>
	</datafield>
	<datafield ind1="0" ind2=" " tag="730">
		<subfield code="a">Arabic Collections Online.</subfield>
	</datafield>
	<datafield ind1="0" ind2="8" tag="776">
		<subfield code="i">Print version:</subfield>
		<subfield code="a">Rifāʻī, Ḥusayn Muḥammad, author.</subfield>
		<subfield code="t">Dīwān Khulāṣat al-adab fī kifāyat al-khuṭabāʼ min al-khuṭab</subfield>
		<subfield code="w">(LeBAU)b12392376</subfield>
	</datafield>
	<datafield ind1="4" ind2="0" tag="856">
		<subfield code="u">http://hdl.handle.net/2333.1/w0vt4mrh</subfield>
	</datafield>
	<datafield ind1="1" ind2=" " tag="880">
		<subfield code="6">100-01</subfield>
		<subfield code="a">الرفاعي، حسين محمد،</subfield>
		<subfield code="e">مؤلف. </subfield>
		<subfield code="4">aut.</subfield>
	</datafield>
	<datafield ind1="1" ind2="0" tag="880">
		<subfield code="6">245-02</subfield>
		<subfield code="a">ديوان خلاصة الأدب في كفاية الخطباء من الخطب :</subfield>
		<subfield code="b">جمهرة أدب وإنشاء وعظات للعرب الجاهلية والمخضرمين وصدر الإسلام والعصر الأموي والعباسي والآن وخطب منبرية عصرية /</subfield>
		<subfield code="c">للعالم ذي الدرجتين والكاتب القدير صاحب الفضيلة الأستاذ السيد حسين محمد الرفاعي، بدار الكتب المصرية بمصر.</subfield>
	</datafield>
	<datafield ind1="3" ind2="0" tag="880">
		<subfield code="6">246-03</subfield>
		<subfield code="a">خلاصة الأدب في كفاية الخطباء من الخطب</subfield>
	</datafield>
	<datafield ind1=" " ind2="1" tag="880">
		<subfield code="6">264-04</subfield>
		<subfield code="a">مصر :</subfield>
		<subfield code="b">المطبعة الرحمانية،</subfield>
		<subfield code="c">1354 هـ. = 1935 م.</subfield>
	</datafield>
	<datafield ind1=" " ind2=" " tag="880">
		<subfield code="6">300-05</subfield>
		<subfield code="a">320 صفحة :</subfield>
		<subfield code="b">مصورات، صور شخصانية، صور طبق الأصل ؛</subfield>
		<subfield code="c">20 سم</subfield>
	</datafield>
	<datafield ind1=" " ind2=" " tag="959">
		<subfield code="a">NNU</subfield>
		<subfield code="b">WEB</subfield>
		<subfield code="c">GENI</subfield>
		<subfield code="t">0</subfield>
		<subfield code="m">Electronic access</subfield>
		<subfield code="s">01</subfield>
	</datafield>
	<datafield ind1=" " ind2=" " tag="999">
		<subfield code="i">LeBAU_b12392376</subfield>
		<subfield code="s">aub_aco002957</subfield>
		<subfield code="e">(ERROR-MISC)</subfield>
	</datafield>
</record>
